<record><leader>00000cas a22000007a 4500</leader><controlfield tag="001">18431718</controlfield><controlfield tag="008">880831u19uuuuuutxuuu ne      0    0eng d</controlfield><datafield ind1=" " ind2=" " tag="010"><subfield code="a">sn 88084193 </subfield></datafield><datafield ind1=" " ind2=" " tag="040"><subfield code="a">PPM</subfield><subfield code="b">eng</subfield><subfield code="c">PPM</subfield><subfield code="d">OCLCQ</subfield></datafield><datafield ind1=" " ind2=" " tag="042"><subfield code="a">msc</subfield></datafield><datafield ind1="0" ind2="4" tag="245"><subfield code="a">The Collingsworth standard.</subfield></datafield><datafield ind1=" " ind2=" " tag="260"><subfield code="a">Wellington, Tex. :</subfield><subfield code="b">[s.n.]</subfield></datafield><datafield ind1=" " ind2=" " tag="588"><subfield code="a">Description based on: Vol. 11, no. (Nov. 15, 1934).</subfield></datafield><datafield ind1=" " ind2=" " tag="752"><subfield code="a">United States</subfield><subfield code="b">Texas</subfield><subfield code="c">Collingsworth</subfield><subfield code="d">Wellington.</subfield></datafield><datafield ind1="0" ind2="5" tag="780"><subfield code="t">Dodsonville messenger</subfield></datafield><datafield ind1="1" ind2=" " tag="029"><subfield code="a">AU@</subfield><subfield code="b">000025806993</subfield></datafield></record>